<record><leader>00000cas a2200000 i 4500</leader><controlfield tag="001">904719891</controlfield><controlfield tag="006">m     o  d        </controlfield><controlfield tag="007">cr |||||||||||</controlfield><controlfield tag="008">150311d18851902lauwr neo     0   a0eng  </controlfield><datafield ind1=" " ind2=" " tag="010"><subfield code="a">  2015218581</subfield></datafield><datafield ind1=" " ind2=" " tag="040"><subfield code="a">DLC</subfield><subfield code="b">eng</subfield><subfield code="e">rda</subfield><subfield code="c">DLC</subfield><subfield code="d">DLC</subfield></datafield><datafield ind1="0" ind2=" " tag="022"><subfield code="a">2377-8229</subfield><subfield code="2">1</subfield></datafield><datafield ind1=" " ind2=" " tag="042"><subfield code="a">pcc</subfield><subfield code="a">nsdp</subfield></datafield><datafield ind1=" " ind2=" " tag="043"><subfield code="a">n-us-la</subfield></datafield><datafield ind1="1" ind2="0" tag="050"><subfield code="a">ISSN RECORD</subfield></datafield><datafield ind1="0" ind2="0" tag="082"><subfield code="a">071</subfield><subfield code="2">23</subfield></datafield><datafield ind1=" " ind2="0" tag="222"><subfield code="a">New Iberia enterprise</subfield><subfield code="b">(Online)</subfield></datafield><datafield ind1="0" ind2="0" tag="245"><subfield code="a">New Iberia enterprise.</subfield></datafield><datafield ind1="1" ind2="5" tag="246"><subfield code="a">Entreprise d'Iberie</subfield></datafield><datafield ind1=" " ind2="1" tag="264"><subfield code="a">New Iberia, La. :</subfield><subfield code="b">J. B. Lawton,</subfield><subfield code="c">-1902.</subfield></datafield><datafield ind1=" " ind2=" " tag="300"><subfield code="a">1 online resource</subfield></datafield><datafield ind1=" " ind2=" " tag="310"><subfield code="a">Weekly,</subfield><subfield code="b">&lt;Jan. 26, 1888&gt;-Feb. 22, 1902</subfield></datafield><datafield ind1=" " ind2=" " tag="321"><subfield code="a">Semiweekly,</subfield><subfield code="b">&lt;Feb. 7, 1885-Feb. 6, 1886&gt;</subfield></datafield><datafield ind1=" " ind2=" " tag="336"><subfield code="a">text</subfield><subfield code="b">txt</subfield><subfield code="2">rdacontent</subfield></datafield><datafield ind1=" " ind2=" " tag="337"><subfield code="a">computer</subfield><subfield code="b">c</subfield><subfield code="2">rdamedia</subfield></datafield><datafield ind1=" " ind2=" " tag="338"><subfield code="a">online resource</subfield><subfield code="b">cr</subfield><subfield code="2">rdacarrier</subfield></datafield><datafield ind1="1" ind2=" " tag="362"><subfield code="a">Began in Jan. 1885? Ceased with volume XVII, number 52 (February 22, 1902).</subfield></datafield><datafield ind1=" " ind2=" " tag="500"><subfield code="a">"Official journal of Iberia Parish."</subfield></datafield><datafield ind1=" " ind2=" " tag="515"><subfield code="a">Suspended with Mar. 26, 1898 issue; resumed with May 14, 1898 issue.</subfield></datafield><datafield ind1=" " ind2=" " tag="546"><subfield code="a">In English and French, &lt;Feb. 7, 1885-Feb. 6, 1886&gt;.</subfield></datafield><datafield ind1=" " ind2=" " tag="588"><subfield code="a">Description based on: Vol. I, number 5 (February 7, 1885); title from masthead (Chroniclingamerica.loc.gov, viewed March 11, 2015).</subfield></datafield><datafield ind1=" " ind2=" " tag="588"><subfield code="a">Latest issue consulted: Volume XVII, number 52 (February 22, 1902) (Chroniclingamerica.loc.gov, viewed March 11, 2015).</subfield></datafield><datafield ind1=" " ind2="0" tag="651"><subfield code="a">New Iberia (La.)</subfield><subfield code="v">Newspapers.</subfield></datafield><datafield ind1=" " ind2="7" tag="651"><subfield code="a">Louisiana</subfield><subfield code="z">New Iberia.</subfield><subfield code="2">fast</subfield><subfield code="0">(OCoLC)fst01206431</subfield></datafield><datafield ind1=" " ind2="7" tag="655"><subfield code="a">Newspapers.</subfield><subfield code="2">fast</subfield><subfield code="0">(OCoLC)fst01423814</subfield></datafield><datafield ind1=" " ind2=" " tag="752"><subfield code="a">United States</subfield><subfield code="b">Louisiana</subfield><subfield code="c">Iberia</subfield><subfield code="d">New Iberia.</subfield></datafield><datafield ind1="0" ind2="8" tag="776"><subfield code="i">Originally issued in print:</subfield><subfield code="t">New Iberia enterprise</subfield><subfield code="x">2377-8210</subfield><subfield code="w">(DLC)sn 88064328</subfield><subfield code="w">(OCoLC)17807685</subfield></datafield><datafield ind1="0" ind2="7" tag="785"><subfield code="t">Independent observer (New Iberia, La.)</subfield></datafield><datafield ind1="0" ind2="7" tag="785"><subfield code="t">New Iberia enterprise and independent observer</subfield><subfield code="x">2377-8202</subfield><subfield code="w">(DLC)  2015218580</subfield><subfield code="w">(OCoLC)904719082</subfield></datafield><datafield ind1="4" ind2="0" tag="856"><subfield code="u">http://www.loc.gov/chroniclingamerica/lccn/sn88064327/issues</subfield></datafield></record>